@misc{usagov, 
    title={Presidential Election Process}, 
    url={https://www.usa.gov/election},
    journal={USAGov}}

@misc{jr._malone_skelley_koerth_paine_dubin_sawchik_rakich, 
    title={FiveThirtyEight}, 
    url={https://fivethirtyeight.com/}, 
    journal={FiveThirtyEight}, 
    author={Jr., Perry Bacon and Malone, Clare and Skelley, Geoffrey and Koerth, Maggie and 
    Paine, Neil and Dubin, Jared and Sawchik, Travis and Rakich, Nathaniel}}
